@Misc{Canuda_zenodo_3565474,
  author       = {Witek, Helvi and
                  Zilhao, Miguel and
                  Bozzola, Gabriele and
                  Elley, Matthew and
                  Ficarra, Giuseppe and
                  Ikeda, Taishi and
                  Sanchis-Gual, Nicolas and
                  Silva, Hector},
  title        = {{Canuda: a public numerical relativity library to
                   probe fundamental physics}},
  month        = oct,
  year         = 2021,
  publisher    = {Zenodo},
  doi          = {10.5281/zenodo.3565474},
  url          = {https://doi.org/10.5281/zenodo.3565474}
}
