
@ARTICLE{Kastaun2021,
       author = {{Kastaun}, Wolfgang and {Kalinani}, Jay Vijay and {Ciolfi}, Riccardo},
        title = "{Robust recovery of primitive variables in relativistic ideal magnetohydrodynamics}",
      journal = {Phys. Rev. D},
     keywords = {General Relativity and Quantum Cosmology},
         year = 2021,
        month = jan,
       volume = {103},
       number = {2},
          eid = {023018},
        pages = {023018},
          doi = {10.1103/PhysRevD.103.023018},
archivePrefix = {arXiv},
       eprint = {2005.01821},
 primaryClass = {gr-qc},
       adsurl = {https://ui.adsabs.harvard.edu/abs/2021PhRvD.103b3018K},
      adsnote = {Provided by the SAO/NASA Astrophysics Data System}
}


@misc{Zenodo:Reprimand,
	author       = {Wolfgang Kastaun},
	title        = {{RePrimAnd} library},
	year         = 2020,
	howpublishef = {Zenodo},
	note         = {DOI 10.5281/zenodo.5136386},
	url          = {https://doi.org/10.5281/zenodo.5136386}
}


@Article{Kastaun:2016,
  Title                    = {{Structure of stable binary neutron star merger remnants: a case study}},
  Author                   = {{Kastaun}, W. and {Ciolfi}, R. and {Giacomazzo}, B.},
  Journal                  = {Phys. Rev. D},
  Year                     = {2016},

  Month                    = aug,
  Pages                    = {044060},
  Volume                   = {94},

  Adsurl                   = {http://adsabs.harvard.edu/abs/2016arXiv160702186K},
  Archiveprefix            = {arXiv},
  Eprint                   = {1607.02186},
  Keywords                 = {Astrophysics - High Energy Astrophysical Phenomena, General Relativity and Quantum Cosmology},
  Primaryclass             = {astro-ph.HE},
  doi                      = {10.1103/PhysRevD.94.044060},
}

@ARTICLE{Hinderer:2008:1216,
       author = {{Hinderer}, Tanja},
        title = "{Tidal Love Numbers of Neutron Stars}",
      journal = {Astrophys. J.},
     keywords = {equation of state, gravitation, relativity, stars: neutron, Astrophysics, General Relativity and Quantum Cosmology},
         year = 2008,
        month = apr,
       volume = {677},
       number = {2},
        pages = {1216-1220},
          doi = {10.1086/533487},
archivePrefix = {arXiv},
       eprint = {0711.2420},
 primaryClass = {astro-ph},
       adsurl = {https://ui.adsabs.harvard.edu/abs/2008ApJ...677.1216H},
      adsnote = {Provided by the SAO/NASA Astrophysics Data System}
}

@ARTICLE{Han:2019:083014,
       author = {{Han}, Sophia and {Steiner}, Andrew W.},
        title = "{Tidal deformability with sharp phase transitions in binary neutron stars}",
      journal = {Phys. Rev. D},
     keywords = {Nuclear Theory, Astrophysics - High Energy Astrophysical Phenomena, Astrophysics - Solar and Stellar Astrophysics},
         year = 2019,
        month = apr,
       volume = {99},
       number = {8},
          eid = {083014},
        pages = {083014},
          doi = {10.1103/PhysRevD.99.083014},
archivePrefix = {arXiv},
       eprint = {1810.10967},
 primaryClass = {nucl-th},
       adsurl = {https://ui.adsabs.harvard.edu/abs/2019PhRvD..99h3014H},
      adsnote = {Provided by the SAO/NASA Astrophysics Data System}
}

@ARTICLE{Hartle:1967:1005,
       author = {{Hartle}, James B.},
        title = "{Slowly Rotating Relativistic Stars. I. Equations of Structure}",
      journal = {Astrophys. J.},
         year = 1967,
        month = dec,
       volume = {150},
        pages = {1005},
          doi = {10.1086/149400},
       adsurl = {https://ui.adsabs.harvard.edu/abs/1967ApJ...150.1005H},
      adsnote = {Provided by the SAO/NASA Astrophysics Data System}
}


@Article{Read:2009:124032,
  Title                    = {Constraints on a phenomenologically parametrized neutron-star equation of state},
  Author                   = {Read, Jocelyn S. and Lackey, Benjamin D. and Owen, Benjamin J. and Friedman, John L.},
  Journal                  = {Phys. Rev. D},
  Year                     = {2009},

  Month                    = {Jun},
  Pages                    = {124032},
  Volume                   = {79},

  Doi                      = {10.1103/PhysRevD.79.124032},
  Issue                    = {12},
  Numpages                 = {18},
  Publisher                = {American Physical Society}
}

