status (refereed, preparing, thesis, book, report, invited, contributed, webpage)

receiveddate
fulltexturl
doi
urn

Resolve DOI's with http://dx.doi.org/



********************************************************************************
MISSING:
********************************************************************************

add Scale2009 report (planned)

add multipatch paper (planned)

add CactusDebugging paper (planned)

add ICADIWT talk (London, August 4)

add second xirel report (planned)

add xirel I/O report (planned)

add invited talk: Florida mesh refinement from a long time ago



********************************************************************************
REFEREED:
********************************************************************************

@Article{ES-Brandt2000a,
  status =       {refereed},
  author =       {Steve Brandt and Randall Correll and Roberto Gomez
                  and Mijan Huq and Pablo Laguna and Luis Lehner and
                  Pedro Marronetti and Richard A. Matzner and David
                  Neilsen and Jorge Pullin and Erik Schnetter and
                  Deirdre Shoemaker and Jeffrey Winicour},
  title =        {Grazing Collisions of Black Holes via the Excision
                  of Singularities},
  journal =      {Phys. Rev. Lett.},
  year =         2000,
  volume =       85,
  pages =        {5496-5499},
  eprint =       {arXiv:gr-qc/0009047},
  url =          {http://arxiv.org/abs/gr-qc/0009047},
  receiveddate = {2000-08-15},
  fulltexturl =  {http://link.aps.org/abstract/PRL/v85/p5496},
  doi =          {10.1103/PhysRevLett.85.5496},
}

@Article{ES-Kelly2001a,
  status =       {refereed},
  author =       {Bernard Kelly and Pablo Laguna and Keith Lockitch
                  and Jorge Pullin and Erik Schnetter and Deirdre
                  Shoemaker and Manuel Tiglio},
  title =        {A cure for unstable numerical evolutions of single
                  black holes: adjusting the standard {ADM} equations},
  journal =      {Phys. Rev. D},
  year =         2001,
  volume =       64,
  pages =        084013,
  eprint =       {arXiv:gr-qc/0103099},
  url =          {http://arxiv.org/abs/gr-qc/0103099},
  receiveddate = {2001-03-28},
  fulltexturl =  {http://link.aps.org/abstract/PRD/v64/e084013},
  doi =          {10.1103/PhysRevD.64.084013},
}

@Article{ES-Dreyer2002a,
  status =       {refereed},
  author =       {Olaf Dreyer and Badri Krishnan and Erik Schnetter
                  and Deirdre Shoemaker},
  title =        {Introduction to Isolated Horizons in Numerical
                  Relativity},
  journal =      {Phys. Rev. D},
  year =         2003,
  volume =       67,
  pages =        024018,
  eprint =       {arXiv:gr-qc/0206008},
  url =          {http://arxiv.org/abs/gr-qc/0206008},
  receiveddate = {2002-06-10},
  fulltexturl =  {http://link.aps.org/abstract/PRD/v67/e024018},
  doi =          {10.1103/PhysRevD.67.024018},
}

@Article{ES-Shoemaker2003a,
  status =       {refereed},
  author =       {Deirdre Shoemaker and Kenneth Smith and Ulrich
                  Sperhake and Pablo Laguna and Erik Schnetter and
                  David R. Fiske},
  title =        {Moving black holes via singularity excision},
  journal =      {Class. Quantum Grav.},
  year =         2003,
  volume =       20,
  pages =        {3729-3744},
  eprint =       {arXiv:gr-qc/0301111},
  url =          {http://arxiv.org/abs/gr-qc/0301111},
  receiveddate = {2003-01-30},
  fulltexturl =  {http://stacks.iop.org/CQG/20/3729},
  doi =          {10.1088/0264-9381/20/16/313},
}

@Article{ES-Alcubierre2003a,
  status =       {refereed},
  author =       {Miguel Alcubierre and Gabrielle Allen and Carles
                  Bona and David Fiske and Tom Goodale and
                  F. Siddharta Guzm{\'a}n and Ian Hawke and Scott
                  H. Hawley and Sascha Husa and Michael Koppitz and
                  Christiane Lechner and Denis Pollney and David
                  Rideout and Marcelo Salgado and Erik Schnetter and
                  Edward Seidel and {Hisa-aki} Shinkai and B{\'e}la
                  Szil{\'a}gyi and Deirdre Shoemaker and Ryoji
                  Takahashi and Jeffrey Winicour},
  title =        {Toward standard testbeds for numerical relativity},
  journal =      {Class. Quantum Grav.},
  year =         2004,
  volume =       21,
  pages =        {589-613},
  eprint =       {arXiv:gr-qc/0305023},
  url =          {http://arxiv.org/abs/gr-qc/0305023},
  receiveddate = {2003-05-05},
  fulltexturl =  {http://stacks.iop.org/CQG/21/589},
  doi =          {10.1088/0264-9381/21/2/019},
}

@Article{ES-Schnetter2003a,
  status =       {refereed},
  author =       {Erik Schnetter},
  title =        {Finding apparent horizons and other two-surfaces of
                  constant expansion},
  journal =      {Class. Quantum Grav.},
  year =         2003,
  volume =       20,
  pages =        {4719-4737},
  eprint =       {arXiv:gr-qc/0306006},
  url =          {http://arxiv.org/abs/gr-qc/0306006},
  receiveddate = {2003-06-03},
  fulltexturl =  {http://stacks.iop.org/CQG/20/4719},
  doi =          {10.1088/0264-9381/20/22/001},
}

@Article{ES-Schnetter2003b,
  status =       {refereed},
  author =       {Erik Schnetter and Scott H. Hawley and Ian Hawke},
  title =        {Evolutions in {3D} numerical relativity using fixed
                  mesh refinement},
  journal =      {Class. Quantum Grav.},
  year =         2004,
  volume =       21,
  pages =        {1465-1488},
  eprint =       {arXiv:gr-qc/0310042},
  url =          {http://arxiv.org/abs/gr-qc/0310042},
  receiveddate = {2003-10-07},
  fulltexturl =  {http://stacks.iop.org/CQG/21/1465},
  doi =          {10.1088/0264-9381/21/6/014},
}

@Article{ES-Schnetter2004a,
  status =       {refereed},
  author =       {Erik Schnetter and Frank Herrmann and Denis Pollney},
  title =        {Horizon Pretracking},
  journal =      {Phys. Rev. D},
  year =         2005,
  volume =       71,
  pages =        044033,
  eprint =       {arXiv:gr-qc/0410081},
  url =          {http://arxiv.org/abs/gr-qc/0410081},
  receiveddate = {2004-10-22},
  fulltexturl =  {http://link.aps.org/abstract/PRD/v71/e044033},
  doi =          {10.1103/PhysRevD.71.044033},
}

@Article{ES-Zink2005a,
  status =       {refereed},
  author =       {Burkhard Zink and Nikolaos Stergioulas and Ian Hawke
                  and Christian D. Ott and Erik Schnetter and Ewald
                  M{\"u}ller},
  title =        {Black hole formation through fragmentation of
                  toroidal polytropes},
  journal =      {Phys. Rev. Lett.},
  year =         2006,
  volume =       96,
  pages =        161101,
  eprint =       {arXiv:gr-qc/0501080},
  url =          {http://arxiv.org/abs/gr-qc/0501080},
  receiveddate = {2005-02-11},
  fulltexturl =  {http://link.aps.org/abstract/PRL/v96/e161101},
  doi =          {10.1103/PhysRevLett.96.161101},
}

@Article{ES-Evans2005a,
  status =       {refereed},
  author =       {Edwin Evans and Sai Iyer and Erik Schnetter and
                  Wai-Mo Suen and Jian Tao and Randy Wolfmeyer and
                  Hui-Min Zhang},
  title =        {Computational Relativistic Astrophysics With
                  Adaptive Mesh Refinement: Testbeds},
  journal =      {Phys. Rev. D},
  year =         2005,
  volume =       71,
  pages =        {081301(R)},
  eprint =       {arXiv:gr-qc/0501066},
  url =          {http://arxiv.org/abs/gr-qc/0501066},
  receiveddate = {2005-02-21},
  fulltexturl =  {http://link.aps.org/abstract/PRD/v71/e081301},
  doi =          {10.1103/PhysRevD.71.081301},
}

@Article{ES-Baiotti2005a,
  status =       {refereed},
  author =       {Luca Baiotti and Ian Hawke and Luciano Rezzolla and
                  Erik Schnetter},
  title =        {Gravitational-Wave Emission from Rotating
                  Gravitational Collapse in three Dimensions},
  journal =      {Phys. Rev. Lett.},
  year =         2005,
  volume =       94,
  pages =        131101,
  eprint =       {arXiv:gr-qc/0503016},
  url =          {http://arxiv.org/abs/gr-qc/0503016},
  receiveddate = {2004-10-12},
  fulltexturl =  {http://link.aps.org/abstract/PRL/v94/e131101},
  doi =          {10.1103/PhysRevLett.94.131101},
}

@Article{ES-Sperhake2005a,
  status =       {refereed},
  author =       {Ulrich Sperhake and Bernard Kelly and Pablo Laguna
                  and Kenneth L. Smith and Erik Schnetter},
  title =        {Black hole head-on collisions and gravitational
                  waves with fixed mesh-refinement and dynamic
                  singularity excision},
  journal =      {Phys. Rev. D},
  year =         2005,
  volume =       71,
  pages =        124042,
  eprint =       {arXiv:gr-qc/0503071},
  url =          {http://arxiv.org/abs/gr-qc/0503071},
  receiveddate = {2005-03-16},
  fulltexturl =  {http://link.aps.org/abstract/PRD/v71/e124042},
  doi =          {10.1103/PhysRevD.71.124042},
}

@Article{ES-Schnetter2005a,
  status =       {refereed},
  author =       {Erik Schnetter and Badri Krishnan},
  title =        {Non-symmetric trapped surfaces in the
                  {Schwarzschild} and {Vaidya} spacetimes },
  journal =      {Phys. Rev. D},
  year =         2006,
  volume =       73,
  pages =        {021502(R)},
  eprint =       {arXiv:gr-qc/0511017},
  url =          {http://arxiv.org/abs/gr-qc/0511017},
  receiveddate = {2005-11-09},
  fulltexturl =  {http://link.aps.org/abstract/PRD/v73/e021502},
  doi =          {10.1103/PhysRevD.73.021502},
}

@Article{ES-Diener2005a,
  status =       {refereed},
  author =       {Peter Diener and Ernst Nils Dorband and Erik
                  Schnetter and Manuel Tiglio},
  title =        {Optimized High-Order Derivative and Dissipation
                  Operators Satisfying Summation by Parts, and
                  Applications in Three-dimensional Multi-block
                  Evolutions},
  journal =      {J. Sci. Comput.},
  volume =       32,
  pages =        {109-145},
  year =         2007,
  eprint =       {arXiv:gr-qc/0512001},
  url =          {http://arxiv.org/abs/gr-qc/0512001},
  receiveddate = {2005-12-22},
  fulltexturl =  {http://www.springerlink.com/
                  content/k24u1g1u64841223/},
  doi =          {10.1007/s10915-006-9123-7},
}

@Article{ES-Diener2005b,
  status =       {refereed},
  author =       {Peter Diener and Frank Herrmann and Denis Pollney
                  and Erik Schnetter and Edward Seidel and Ryoji
                  Takahashi and Jonathan Thornburg and Jason
                  Ventrella},
  title =        {Accurate Evolution of Orbiting Binary Black Holes},
  journal =      {Phys. Rev. Lett.},
  year =         2006,
  volume =       96,
  pages =        121101,
  eprint =       {arXiv:gr-qc/0512108},
  url =          {http://arxiv.org/abs/gr-qc/0512108},
  receiveddate = {2005-12-21},
  fulltexturl =  {http://link.aps.org/abstract/PRL/v96/e121101},
  doi =          {10.1103/PhysRevLett.96.121101},
}

@Article{ES-Schnetter2006a,
  status =       {refereed},
  author =       {Erik Schnetter and Peter Diener and Ernst Nils
                  Dorband and Manuel Tiglio},
  title =        {A multi-block infrastructure for three-dimensional
                  time-dependent numerical relativity},
  journal =      {Class. Quantum Grav.},
  year =         2006,
  volume =       23,
  pages =        {S553-S578},
  eprint =       {arXiv:gr-qc/0602104},
  url =          {http://arxiv.org/abs/gr-qc/0602104},
  receiveddate = {2006-02-20},
  fulltexturl =  {http://stacks.iop.org/CQG/23/S553},
  doi =          {10.1088/0264-9381/23/16/S14},
}

@Article{ES-Schnetter2006b,
  status =       {refereed},
  author =       {Erik Schnetter and Badri Krishnan and Florian Beyer},
  title =        {Introduction to dynamical horizons in numerical
                  relativity},
  journal =      {Phys. Rev. D},
  year =         2006,
  volume =       74,
  pages =        024028,
  eprint =       {arXiv:gr-qc/0604015},
  url =          {http://arxiv.org/abs/gr-qc/0604015},
  receiveddate = {2006-04-11},
  fulltexturl =  {http://link.aps.org/abstract/PRD/v74/e024028},
  doi =          {10.1103/PhysRevD.74.024028},
}

@Article{ES-Dorband2006a,
  status =       {refereed},
  author =       {Ernst Nils Dorband and Emanuele Berti and Peter
                  Diener and Erik Schnetter and Manuel Tiglio},
  title =        {A numerical study of the quasinormal mode excitation
                  of {Kerr} black holes},
  journal =      {Phys. Rev. D},
  year =         2006,
  volume =       74,
  pages =        084028,
  eprint =       {arXiv:gr-qc/0608091},
  url =          {http://arxiv.org/abs/gr-qc/0608091},
  receiveddate = {2006-08-22},
  fulltexturl =  {http://link.aps.org/abstract/PRD/v74/e084028},
  doi =          {10.1103/PhysRevD.74.084028},
}

@Article{ES-Ott2006a,
  status =       {refereed},
  author =       {Christian D. Ott and Harald Dimmelmeier and Andreas
                  Marek and Hans-Thomas Janka and Ian Hawke and
                  Burkhard Zink and Erik Schnetter},
  title =        {{3D} Collapse of Rotating Stellar Iron Cores in
                  General Relativity Including Deleptonization and a
                  Nuclear Equation of State},
  journal =      {Phys. Rev. Lett.},
  volume =       98,
  pages =        261101,
  year =         2007,
  eprint =       {arXiv:astro-ph/0609819},
  url =          {http://arxiv.org/abs/astro-ph/0609819},
  receiveddate = {2006-09-29},
  fulltexturl =  {http://link.aps.org/abstract/PRL/v98/e261101},
  doi =          {10.1103/PhysRevLett.98.261101},
}

@Article{ES-Zink2006a,
  status =       {refereed},
  author =       {Burkhard Zink and Nikolaos Stergioulas and Ian Hawke
                  and Christian D. Ott and Erik Schnetter and Ewald
                  M{\"u}ller},
  title =        {Non-axisymmetric instability and fragmentation of
                  general relativistic quasitoroidal stars},
  journal =      {Phys. Rev. D},
  year =         2007,
  volume =       76,
  pages =        024019,
  eprint =       {arXiv:astro-ph/0611601},
  url =          {http://arxiv.org/abs/astro-ph/0611601},
  receiveddate = {2006-11-19},
  fulltexturl =  {http://link.aps.org/abstract/PRD/v76/e024019},
  doi =          {10.1103/PhysRevD.76.024019},
}

@Article{ES-Ott2006b,
  status =       {refereed},
  author =       {Christian D. Ott and Harald Dimmelmeier and Andreas
                  Marek and Hans-Thomas Janka and Burkhard Zink and
                  Ian Hawke and Erik Schnetter},
  title =        {Rotating Collapse of Stellar Iron Cores in General
                  Relativity},
  journal =      {Class. Quantum Grav.},
  volume =       24,
  year =         2007,
  pages =        {S139-S154},
  eprint =       {arXiv:astro-ph/0612638},
  url =          {http://arxiv.org/abs/astro-ph/0612638},
  receiveddate = {2006-12-20},
  fulltexturl =  {http://stacks.iop.org/CQG/24/S139},
  doi =          {10.1088/0264-9381/24/12/S10},
}

@Article{ES-Pazos2006a,
  status =       {refereed},
  author =       {Enrique Pazos and Ernst Nils Dorband and Alessandro
                  Nagar and Carlos Palenzuela and Erik Schnetter and
                  Manuel Tiglio},
  title =        {How far away is far enough for extracting numerical
                  waveforms, and how much do they depend on the
                  extraction method?},
  journal =      {Class. Quantum Grav.},
  volume =       24,
  pages =        {S341-S368},
  year =         2007,
  eprint =       {arXiv:gr-qc/0612149},
  url =          {http://arxiv.org/abs/gr-qc/0612149},
  receiveddate = {2006-12-22},
  fulltexturl =  {http://stacks.iop.org/CQG/24/S341},
  doi =          {10.1088/0264-9381/24/12/S22},
}

@Article{ES-Koppitz2007a,
  status =       {refereed},
  author =       {Michael Koppitz and Denis Pollney and Christian
                  Reisswig and Luciano Rezzolla and Jonathan Thornburg
                  and Peter Diener and Erik Schnetter},
  title =        {Recoil Velocities from Equal-Mass Binary-Black-Hole
                  Mergers},
  journal =      {Phys. Rev. Lett.},
  year =         2007,
  volume =       99,
  pages =        041102,
  eprint =       {arXiv:gr-qc/0701163},
  url =          {http://arxiv.org/abs/gr-qc/0701163},
  receiveddate = {2007-01-29},
  fulltexturl =  {http://link.aps.org/abstract/PRL/v99/e041102},
  doi =          {10.1103/PhysRevLett.99.041102},
}

@Article{ES-Thornburg2007a,
  status =       {refereed},
  author =       {Jonathan Thornburg and Peter Diener and Denis
                  Pollney and Luciano Rezzolla and Erik Schnetter and
                  Edward Seidel and Ryoji Takahashi},
  title =        {Are moving punctures equivalent to moving black
                  holes?},
  journal =      {Class. Quantum Grav.},
  volume =       24,
  pages =        {3911-3918},
  year =         2007,
  eprint =       {arXiv:gr-qc/0701038},
  url =          {http://arxiv.org/abs/gr-qc/0701038},
  receiveddate = {2007-03-22},
  fulltexturl =  {http://stacks.iop.org/CQG/24/3911},
  doi =          {10.1088/0264-9381/24/15/009},
}

@InProceedings{ES-Stark2007a,
  status =       {refereed},
  author =       {Dylan Stark and Gabrielle Allen and Tom Goodale and
                  Thomas Radke and Erik Schnetter},
  title =        {An Extensible Timing Infrastructure for Adaptive
                  Large-scale Applications},
  booktitle =    {Parallel Processing and Applied Mathematics (PPAM),
                  2007, Gda{\'n}sk, Poland},
  pages =        {1170-1179},
  year =         2008,
  editor =       {Roman Wyrzykowski and Jack Dongarra and Konrad
                  Karczewski and Jerzy Wasniewski},
  volume =       4967,
  series =       {Lecture Notes in Computer Science (LNCS)},
  publisher =    {Springer},
  eprint =       {arXiv:0705.3015 [cs.PF]},
  url =          {http://arxiv.org/abs/0705.3015},
  receiveddate = {2007-05-21},
}

@Article{ES-Pollney2007a,
  status =       {refereed},
  author =       {Denis Pollney and Christian Reisswig and Luciano
                  Rezzolla and B{\'e}la Szil{\'a}gyi and Marcus Ansorg
                  and Barrett Deris and Peter Diener and Ernst Nils
                  Dorband and Michael Koppitz and Alessandro Nagar and
                  Erik Schnetter},
  title =        {Recoil velocities from equal-mass binary black-hole
                  mergers: a systematic investigation of spin-orbit
                  aligned configurations},
  journal =      {Phys. Rev. D},
  year =         2007,
  volume =       76,
  pages =        124002,
  eprint =       {arXiv:0707.2559 [gr-qc]},
  url =          {http://arxiv.org/abs/0707.2559},
  receiveddate = {2007-09-06},
  fulltexturl =  {http://link.aps.org/abstract/PRD/v76/e124002},
  doi =          {10.1103/PhysRevD.76.124002},
}

@Article{ES-Brown2007a,
  status =       {refereed},
  author =       {David Brown and Olivier Sarbach and Erik Schnetter
                  and Manuel Tiglio and Peter Diener and Ian Hawke and
                  Denis Pollney},
  title =        {Excision without excision},
  journal =      {Phys. Rev. D},
  volume =       76,
  pages =        {081503(R)},
  year =         2007,
  eprint =       {arXiv:0707.3101 [gr-qc]},
  url =          {http://arxiv.org/abs/0707.3101},
  receiveddate = {2007-07-20},
  fulltexturl =  {http://link.aps.org/abstract/PRD/v76/e081503},
  doi =          {10.1103/PhysRevD.76.081503},
}

@Article{ES-Rezzolla2007a,
  status =       {refereed},
  author =       {Luciano Rezzolla and Ernst Nils Dorband and
                  Christian Reisswig and Peter Diener and Denis
                  Pollney and Erik Schnetter and B{\'e}la
                  Szil{\'a}gyi},
  title =        {Spin Diagrams for Equal-Mass Black-Hole Binaries
                  with Aligned Spins},
  journal =      {Astrophys. J.},
  volume =       679,
  pages =        {1422-1426},
  year =         2008,
  eprint =       {arXiv:0708.3999 [gr-qc]},
  url =          {http://arxiv.org/abs/0708.3999},
  receiveddate = {2007-08-29},
  fulltexturl =  {http://www.journals.uchicago.edu/
                  doi/abs/10.1086/587679},
  doi =          {10.1086/587679},
}

@Article{ES-Babiuc2007a,
  status =       {refereed},
  author =       {Maria C. Babiuc and Sascha Husa and Ian Hinder and
                  Christiane Lechner and Erik Schnetter and B{\'e}la
                  Szil{\'a}gyi and Yosef Zlochower and Nils Dorband
                  and Denis Pollney and Jeff Winicour},
  title =        {Implementation of standard testbeds for numerical
                  relativity},
  journal =      {Class. Quantum Grav.},
  volume =       25,
  pages =        125012,
  year =         2008,
  eprint =       {arXiv:0709.3559 [gr-qc]},
  url =          {http://arxiv.org/abs/0709.3559},
  receiveddate = {2007-09-17},
  fulltexturl =  {http://stacks.iop.org/CQG/25/125012},
  doi =          {10.1088/0264-9381/25/12/125012},
}

@Article{ES-Rezzolla2007b,
  status =       {refereed},
  author =       {Luciano Rezzolla and Peter Diener and Ernst Nils
                  Dorband and Denis Pollney and Christian Reisswig and
                  Erik Schnetter and Jennifer Seiler},
  title =        {The final spin from the coalescence of aligned-spin
                  black-hole binaries},
  journal =      {Astrophys. J. Lett.},
  year =         2008,
  volume =       674,
  pages =        {L29-L32},
  eprint =       {arXiv:0710.3345 [gr-qc]},
  url =          {http://arxiv.org/abs/0710.3345},
  receiveddate = {2007-10-18},
  fulltexturl =  {http://www.journals.uchicago.edu/
                  doi/abs/10.1086/528935},
  doi =          {10.1086/528935},
}

@Article{ES-Zink2007c,
  status =       {refereed},
  author =       {Burkhard Zink and Erik Schnetter and Manuel Tiglio},
  title =        {Multi-patch methods in general relativistic
                  astrophysics -- {I}. {Hydrodynamical} flows on fixed
                  backgrounds},
  journal =      {Phys. Rev. D},
  volume =       77,
  pages =        103015,
  year =         2008,
  eprint =       {arXiv:0712.0353 [astro-ph]},
  url =          {http://arxiv.org/abs/0712.0353},
  receiveddate = {2007-12-04},
  fulltexturl =  {http://link.aps.org/abstract/PRD/v77/e103015},
  doi =          {10.1103/PhysRevD.77.103015},
}

@InProceedings{ES-Ott2007c,
  status =       {refereed},
  author =       {Christian D. Ott and Erik Schnetter and Gabrielle
                  Allen and Edward Seidel and Jian Tao and Burkhard
                  Zink},
  title =        {A Case Study for Petascale Applications in
                  Astrophysics: Simulating {Gamma}-{Ray} {Bursts}},
  booktitle =    {Proceedings of the 15th ACM Mardi Gras conference:
                  From lightweight mash-ups to lambda grids:
                  Understanding the spectrum of distributed computing
                  requirements, applications, tools, infrastructures,
                  interoperability, and the incremental adoption of
                  key capabilities},
  number =       18,
  year =         2008,
  series =       {ACM International Conference Proceeding Series},
  address =      {Baton Rouge, Louisiana},
  publisher =    {ACM},
  url =          {http://doi.acm.org/10.1145/1341811.1341831},
  pdf =          {doc/BatonRouge-2008-MardiGras-GammaRayBursts.pdf},
  receiveddate = {2007-11-00},
  doi =          {10.1145/1341811.1341831},
}

@Unpublished{ES-Schnetter2008f,
  status =       {refereed},
  author =       {Erik Schnetter and Christian D. Ott and Peter Diener
                  and Christian Reisswig},
  title =        {Astrophysical Applications of Numerical Relativity
                  --- from {Teragrid} to {Petascale}},
  note =         {The 3rd annual {TeraGrid} Conference, {TeraGrid}
                  '08},
  year =         2008,
  pdf =
                  {doc/LasVegas-2008-TeraGrid-AstrophysicalApplications.pdf},
  receiveddate = {2008-05-08},
}

@Unpublished{ES-Schnetter2008n,
  status =       {refereed},
  author =       {Erik Schnetter},
  title =        {Multi-Physics Coupling of {Einstein} and
                  Hydrodynamics Evolution: A Case Study of the
                  {Einstein} {Toolkit}},
  note =         {{CBHPC} 2008 (Component-Based High Performance
                  Computing)},
  year =         2008,
  pdf =          {doc/Karlsruhe-2008-CBHPC-EinsteinToolkit.pdf},
  receiveddate = {2008-05-26},
}

@Article{ES-Brown2007b,
  status =       {refereed},
  author =       {David Brown and Peter Diener and Olivier Sarbach and
                  Erik Schnetter and Manuel Tiglio},
  title =        {Turduckening black holes: an analytical and
                  computational study},
  journal =      {Phys. Rev. D},
  year =         2009,
  volume =       79,
  pages =        044023,
  eprint =       {arXiv:0809.3533 [gr-qc]},
  url =          {http://arxiv.org/abs/0809.3533},
  receiveddate = {2008-09-20},
  fulltexturl =  {http://link.aps.org/abstract/PRD/v79/e044023},
  doi =          {10.1103/PhysRevD.79.044023},
}

@Article{ES-Aylott2009a,
  status =       {refereed},
  author =       {Benjamin Aylott and John G. Baker and William
                  D. Boggs and Michael Boyle and Patrick R. Brady and
                  Duncan A. Brown and Bernd Br{\"u}gmann and Luisa
                  T. Buchman and Alessandra Buonanno and Laura
                  Cadonati and Jordan Camp and Manuela Campanelli and
                  Joan Centrella and Shourov Chatterji and Nelson
                  Christensen and Tony Chu and Peter Diener and Nils
                  Dorband and Zachariah B. Etienne and Joshua Faber
                  and Stephen Fairhurst and Benjamin Farr and
                  Sebastian Fischetti and Gianluca Guidi and Lisa
                  M. Goggin and Mark Hannam and Frank Herrmann and Ian
                  Hinder and Sascha Husa and Vicky Kalogera and Drew
                  Keppel and Lawrence E. Kidder and Bernard J. Kelly
                  and Badri Krishnan and Pablo Laguna and Carlos
                  O. Lousto and Ilya Mandel and Pedro Marronetti and
                  Richard Matzner and Sean T. McWilliams and Keith
                  D. Matthews and R. Adam Mercer and Satyanarayan
                  R. P. Mohapatra and Abdul H. Mrou{\'e} and Hiroyuki
                  Nakano and Evan Ochsner and Yi Pan and Larne
                  Pekowsky and Harald P. Pfeiffer and Denis Pollney
                  and Frans Pretorius and Vivien Raymond and Christian
                  Reisswig and Luciano Rezzolla and Oliver Rinne and
                  Craig Robinson and Christian R{\"o}ver and Luc{\'i}a
                  Santamar{\'i}a and Bangalore Sathyaprakash and Mark
                  A. Scheel and Erik Schnetter and Jennifer Seiler and
                  Stuart L. Shapiro and Deirdre Shoemaker and Ulrich
                  Sperhake and Alexander Stroeer and Riccardo Sturani
                  and Wolfgang Tichy and Yuk Tung Liu and Marc van der
                  Sluys and James R. van Meter and Ruslan Vaulin and
                  Alberto Vecchio and John Veitch and Andrea
                  Vicer{\'e} and John T. Whelan and Yosef Zlochower},
  title =        {Testing gravitational-wave searches with numerical
                  relativity waveforms: Results from the first
                  {Numerical} {INJection} {Analysis} ({NINJA})
                  project},
  journal =      {Class. Quantum Grav.},
  year =         2009,
  volume =       26,
  pages =        165008,
  eprint =       {arXiv:0901.4399 [gr-qc]},
  url =          {http://arxiv.org/abs/0901.4399},
  receiveddate = {2009-01-29},
  doi =          {10.1088/0264-9381/26/16/165008},
}

@Article{ES-Cadonati2009a,
  status =       {refereed},
  author =       {Benjamin Aylott and John G. Baker and William
                  D. Boggs and Michael Boyle and Patrick R. Brady and
                  Duncan A. Brown and Bernd Br{\"u}gmann and Luisa
                  T. Buchman and Alessandra Buonanno and Laura
                  Cadonati and Jordan Camp and Manuela Campanelli and
                  Joan Centrella and Shourov Chatterji and Nelson
                  Christensen and Tony Chu and Peter Diener and Nils
                  Dorband and Zachariah B. Etienne and Joshua Faber
                  and Stephen Fairhurst and Benjamin Farr and
                  Sebastian Fischetti and Gianluca Guidi and Lisa
                  M. Goggin and Mark Hannam and Frank Herrmann and Ian
                  Hinder and Sascha Husa and Vicky Kalogera and Drew
                  Keppel and Lawrence E. Kidder and Bernard J. Kelly
                  and Badri Krishnan and Pablo Laguna and Carlos
                  O. Lousto and Ilya Mandel and Pedro Marronetti and
                  Richard Matzner and Sean T. McWilliams and Keith
                  D. Matthews and R. Adam Mercer and Satyanarayan
                  R. P. Mohapatra and Abdul H. Mrou{\'e} and Hiroyuki
                  Nakano and Evan Ochsner and Yi Pan and Larne
                  Pekowsky and Harald P. Pfeiffer and Denis Pollney
                  and Frans Pretorius and Vivien Raymond and Christian
                  Reisswig and Luciano Rezzolla and Oliver Rinne and
                  Craig Robinson and Christian R{\"o}ver and Luc{\'i}a
                  Santamar{\'i}a and Bangalore Sathyaprakash and Mark
                  A. Scheel and Erik Schnetter and Jennifer Seiler and
                  Stuart L. Shapiro and Deirdre Shoemaker and Ulrich
                  Sperhake and Alexander Stroeer and Riccardo Sturani
                  and Wolfgang Tichy and Yuk Tung Liu and Marc van der
                  Sluys and James R. van Meter and Ruslan Vaulin and
                  Alberto Vecchio and John Veitch and Andrea
                  Vicer{\'e} and John T. Whelan and Yosef Zlochower},
  title =        {Status of {NINJA}: the {Numerical} {INJection}
                  {Analysis} project},
  journal =      {Class. Quantum Grav.},
  year =         2009,
  volume =       26,
  pages =        114008,
  eprint =       {arXiv:0901.4399 [gr-qc]},
  url =          {http://arxiv.org/abs/0905.4227},
  receiveddate = {2009-03-10},
  fulltexturl =  {http://stacks.iop.org/CQG/26/114008},
  doi =          {10.1088/0264-9381/26/11/114008}
}

@Unpublished{ES-Tao2009a,
  status =       {refereed},
  author =       {Jian Tao and Gabrielle Allen and Peter Diener and
                  Frank L{\"o}ffler and Roland Haas and Ian Hinder and
                  Erik Schnetter and Yosef Zlochower},
  title =        {Towards a Highly Efficient and Scalable
                  Infrastructure for Numerical Relativity Codes},
  note =         {Accepted for TeraGrid 2009},
  year =         2009,
  hidden-pdf =   {doc/Arlington-TeraGrid-2009-XiRel.pdf},
  receiveddate = {2009-03-20}
}
@Comment add pdf
@Comment correct receiveddate

@Unpublished{ES-Brandt2009b,
  status =       {refereed},
  author =       {Steven Brandt and Gabrielle Allen and Matthew
                  Eastman and Matthew Kemp and Erik Schnetter},
  title =        {Dynamic Deployment of a Component Framework with the
                  {Ubiqis} System},
  note =         {Accepted for ICADIWT 2009},
  year =         2009,
  receiveddate = {2009-05-21}
}
@Comment add pdf
@Comment correct receiveddate

@InProceedings{ES-Ott2009a,
  status =       {refereed},
  author =       {Christian D. Ott and Erik Schnetter and Adam Burrows
                  and Eli Livne and Evan O'Connor and Frank
                  L{\"o}ffler},
  title =        {Computational Models of Stellar Collapse and
                  Core-Collapse Supernovae},
  booktitle =    {SciDAC 2009},
  year =         2009,
  eprint =       {arXiv:0907.4043 [astro-ph.HE]},
  url =          {http://arxiv.org/abs/0907.4043},
  receiveddate = {2009-06-00},
}
@Comment add pdf

@Unpublished{ES-Allen2009c,
  status =       {refereed},
  author =       {Gabrielle Allen and Frank L{\"o}ffler and Thomas
                  Radke and Erik Schnetter and Edward Seidel},
  title =        {Integrating {Web} 2.0 Technologies with Scientific
                  Simulation Codes for Real-Time Collaboration},
  note =         {Accepted for Research3 Workshop at the Cluster 2009
                  conference in New Orleans, LA},
  year =         2009,
  receiveddate = {2009-07-29}
}
@Comment add pdf
@Comment correct receiveddate

@Unpublished{ES-Loeffler2009a,
  status =       {refereed},
  author =       {Frank L{\"o}ffler and Jian Tao and Gabrielle Allen
                  and Erik Schnetter},
  title =        {Benchmarking Parallel {I/O} Performance for a Large
                  Scale Scientific Application on the {TeraGrid}},
  note =         {Accepted for the second International Conference on
                  High Performance Computing and Applications
                  (HPCA2009), Shanghai, China},
  year =         2009,
  receiveddate = {2009-07-29},
}
@Comment add pdf
@Comment correct receiveddate



********************************************************************************
SUBMITTED:
********************************************************************************

@Unpublished{ES-Brandt2009a,
  status =       {rejected},
  author =       {Steven Brandt and Matthew Kemp and Gabrielle Allen
                  and Matthew Eastman and Erik Schnetter},
  title =        {Dynamic Deployment of a Component Framework with the
                  {Ubiqis} System},
  note =         {Submitted to Euro-Par 2009},
  year =         2009,
  hidden-pdf =   {doc/UBIQIS.pdf},
  receiveddate = {2009-02-07}
}

@Unpublished{ES-Schnetter2009b,
  status =       {rejected},
  author =       {Erik Schnetter and Steven R. Brandt},
  title =        {Relativistic Astrophysics on the {SiCortex}
                  Architecture},
  note =         {Submitted to TeraGrid 2009},
  year =         2009,
  hidden-pdf =   {doc/Arlington-TeraGrid-2009-CactusSiCortex.pdf},
  receiveddate = {2009-03-20}
}

@Unpublished{ES-Pollney2009a,
  status =       {submitted},
  author =       {Denis Pollney and Christian Reisswig and Nils
                  Dorband and Erik Schnetter and Peter Diener},
  title =        {The Asymptotic Falloff of Local Waveform
                  MEasurements in Numerical Relativity},
  note =         {Submitted to Phys. Rev. Lett.},
  year =         2009,
  receiveddate = {2009-08-12}
}



********************************************************************************
PREPARING:
********************************************************************************

@Article{ES-Ott2007a,
  status =       {preparing},
  author =       {Christian D. Ott and Erik Schnetter},
  title =        {The {Cotton}-{York} tensor as an analysis tool for
                  the conformal flatness for numerical simulations},
  journal =      {in preparation},
  year =         2009
}

@Article{ES-Ott2007b,
  status =       {preparing},
  author =       {Christian D. Ott and Harald Dimmelmeier and Andreas
                  Marek and Hans-Thomas Janka and and Ian Hawke and
                  Erik Schnetter},
  title =        {3D general relativistic iron core collapse:
                  postbounce evolution and rotational instabilities},
  journal =      {in preparation},
  year =         2009
}



********************************************************************************
THESIS:
********************************************************************************

@Misc{ES-Schnetter1998a,
  status =       {thesis},
  author =       {Erik Schnetter},
  title =        {{Untersuchungen} zur {Implementierung} von
                  {Strahlungstransport} im {SPH}-{Formalismus}
                  (\emph{engl.}: {Investigations} towards implementing
                  radiative transport in the {SPH} formalism)},
  howpublished = {Diplomarbeit (in German), Fakult{\"a}t f{\"u}r
                  Physik, Universit{\"a}t T{\"u}bingen},
  year =         1998,
  pdf =          {doc/Diplomarbeit-Schnetter.pdf},
  receiveddate = {1998-04-00},
}

@PhdThesis{ES-Schnetter2004b,
  status =       {thesis},
  author =       {Erik Schnetter},
  title =        {Gauge fixing for the simulation of black hole
                  spacetimes},
  school =       {Universit{\"a}t T{\"u}bingen},
  year =         2003,
  eprint =       {arXiv:gr-qc/0411002},
  url =          {http://w210.ub.uni-tuebingen.de/
                  dbt/volltexte/2003/819/},
  receiveddate = {2003-06-30},
  urn =          {urn:nbn:de:bsz:21-opus-8191},
}



********************************************************************************
BOOK:
********************************************************************************

@InCollection{ES-Schnetter2007a,
  status =       {book},
  author =       {Erik Schnetter and Christian D. Ott and Gabrielle
                  Allen and Peter Diener and Tom Goodale and Thomas
                  Radke and Edward Seidel and John Shalf},
  title =        {{Cactus} {Framework}: Black Holes to Gamma Ray
                  Bursts},
  booktitle =    {Petascale Computing: Algorithms and Applications},
  chapter =      24,
  publisher =    {Chapman \& Hall/CRC Computational Science Series},
  year =         2008,
  editor =       {David A. Bader},
  eprint =       {arXiv:0707.1607 [cs.DC]},
  url =          {http://arxiv.org/abs/0707.1607},
  receiveddate = {2007-07-11},
}



********************************************************************************
REPORT:
********************************************************************************

@InProceedings{ES-Kunze1999a,
  status =       {report},
  author =       {Stefan Kunze and Erik Schnetter and Roland Speith},
  title =        {Applications of the {Smoothed} {Particle}
                  {Hydrodynamics} method: The Need for Supercomputing},
  booktitle =    {Parallel Computational Fluid Dynamics, Towards
                  Teraflops, Optimization and Novel Formulations.
                  Proceedings of PARCFD99, the Parallel CFD'99
                  Conference},
  pages =        {289-295},
  year =         2000,
  editor =       {D. Keyes and A. Ecer and J. Periaux and N. Satofuka
                  and P. Fox},
  publisher =    {Elsevier},
  pdf =          {doc/Williamsburg-1999-PARCFD-SPHandHPC.pdf},
  receiveddate = {1999-01-00},
}

@InProceedings{ES-Kunze1999b,
  status =       {report},
  author =       {Stefan Kunze and Erik Schnetter and Roland Speith},
  title =        {Development and Astrophysical Applications of a
                  Parallel Smoothed Particle Hydrodynamics Code with
                  {MPI}},
  booktitle =    {High Performance Computing in Science and
                  Engineering '99},
  pages =        {52-61},
  year =         2000,
  editor =       {E. Krause and W. J{\"a}ger},
  publisher =    {Springer},
  pdf =          {doc/Stuttgart-1999-HPCSE-parallelSPH.pdf},
  receiveddate = {1999-01-00},
}

@InProceedings{ES-Speith1999a,
  status =       {report},
  author =       {Roland Speith and Erik Schnetter and Stefan Kunze
                  and Harald Riffert},
  title =        {Distributed Implementation of {SPH} for Simulations
                  of Accretion Disks},
  booktitle =    {Molecular Dynamics on Parallel Computers},
  pages =        {276-285},
  year =         2000,
  editor =       {R. Esser and P. Grassberger and J. Grotendorst and
                  M. Lewerenz},
  publisher =    {World Scientific},
  note =         {Proceedings of the Workshop at the John von
                  Neumann-Institut for Computing (NIC), Research
                  Centre J{\"u}lich, 8 - 10 February 1999},
  pdf =          {doc/Juelich-1999-MDPC-distributedSPH.pdf},
  receiveddate = {1999-03-00},
}

@InProceedings{ES-Schnetter2000a,
  status =       {report},
  author =       {Erik Schnetter and Stefan Kunze and Roland Speith},
  title =        {Fluid Jet Simulations using {Smoothed} {Particle}
                  {Hydrodynamics}},
  booktitle =    {High Performance Computing in Science and
                  Engineering 2000},
  pages =        {99-113},
  year =         2001,
  editor =       {E. Krause and W. J{\"a}ger},
  publisher =    {Springer},
  pdf =          {doc/Stuttgart-2000-HPCSE-SPHjets.pdf},
  receiveddate = {2000-01-00},
}

@InProceedings{ES-Schnetter2000b,
  status =       {report},
  author =       {Erik Schnetter},
  title =        {The {Maya} Project: Simulations of Binary Black Hole
                  Systems},
  booktitle =    {The Ninth Marcel Grossmann Meeting.  On Recent
                  Developments in Theoretical and Experimental General
                  Relativity, Gravitation and Relativistic Field
                  Theories.  Proceedings of the MG9 Meeting},
  pages =        {1741-1742},
  year =         2001,
  volume =       3,
  publisher =    {World Scientific},
  receiveddate = {2000-08-00},
}

@Misc{ES-Schnetter2002a,
  status =       {report},
  author =       {Erik Schnetter},
  title =        {A fast apparent horizon algorithm},
  year =         2002,
  eprint =       {arXiv:gr-qc/0206003},
  url =          {http://arxiv.org/abs/gr-qc/0206003},
  receiveddate = {2002-06-02},
}

@Misc{ES-Ott2003a,
  status =       {report},
  author =       {Frank Ott and Erik Schnetter},
  title =        {A modified {SPH} approach for fluids with large
                  density differences},
  year =         2003,
  eprint =       {arXiv:physics/0303112},
  url =          {http://arxiv.org/abs/physics/0303112},
  receiveddate = {2003-03-27},
}

@InProceedings{ES-Zink2007b,
  status =       {report},
  author =       {Burkhard Zink and Nikolaos Stergioulas and Ian Hawke
                  and Christian D. Ott and Erik Schnetter and Ewald
                  M{\"u}ller},
  title =        {Fragmentation of general relativistic quasi-toroidal
                  polytropes},
  booktitle =    {Proceedings of the 11th Marcel Grossmann Meeting
                  (MG11) in Berlin, Germany, July 23-29, 2006},
  year =         {2007 (submitted)},
  eprint =       {arXiv:0704.0431 [gr-qc]},
  url =          {http://arxiv.org/abs/0704.0431},
  receiveddate = {2006-07-23},
}

@InProceedings{ES-Zink2007a,
  status =       {report},
  author =       {Burkhard Zink and Nikolaos Stergioulas and Ian Hawke
                  and Christian D. Ott and Erik Schnetter and Ewald
                  M{\"u}ller},
  title =        {Rotational instabilities in supermassive stars: a
                  new way to form supermassive black holes},
  booktitle =    {International Scientific Workshop on Cosmology and
                  Gravitational Physics, Thessaloniki, December 15-16,
                  2005},
  pages =        {155-160},
  year =         2006,
  editor =       {N. K. Spyrou and N. Stergioulas and C. Tsagas},
  address =      {Thessaloniki},
  publisher =    {ZITI},
  receiveddate = {2005-12-15},
}

@TechReport{ES-Allen2007a,
  status =       {report},
  author =       {Gabrielle Allen and Elena Caraba and Tom Goodale and
                  El Khamra, Yaakoub and Erik Schnetter},
  title =        {A Scientific Application Benchmark using the
                  {Cactus} {Framework}},
  institution =  {Center for Computation \& Technology},
  month =        {April},
  year =         2007,
  pdf =          {doc/CactusBenchmarking-2007.pdf},
  url =          {http://www.cct.lsu.edu/},
  receiveddate = {2007-04-00},
}

@TechReport{ES-Shalf2007a,
  status =       {report},
  author =       {John Shalf and Erik Schnetter and Gabrielle Allen
                  and Edward Seidel},
  title =        {{Cactus} as Benchmarking Platform},
  institution =  {Louisiana State University},
  number =       {CCT-TR-2006-3},
  year =         2007,
  url =          {http://www.cct.lsu.edu/CCT-TR/CCT-TR-2006-3},
  receiveddate = {2007-04-19},
}

@TechReport{ES-Schnetter2007b,
  status =       {report},
  author =       {Erik Schnetter and Gabrielle Allen and Tom Goodale
                  and Mayank Tyagi},
  title =        {{Alpaca}: {Cactus} Tools for Application Level
                  Performance and Correctness Analysis},
  institution =  {Louisiana State University},
  number =       {CCT-TR-2008-2},
  year =         2008,
  url =          {http://www.cct.lsu.edu/CCT-TR/CCT-TR-2008-2},
  receiveddate = {2007-12-30},
}

@TechReport{ES-Tao2008a,
  status =       {report},
  author =       {Jian Tao and Gabrielle Allen and Ian Hinder and Erik
                  Schnetter and Yosef Zlochower},
  title =        {{XiRel}: Standard Benchmarks for Numerical
                  Relativity Codes Using {Cactus} and {Carpet}},
  institution =  {Louisiana State University},
  number =       {CCT-TR-2008-5},
  year =         2008,
  url =          {http://www.cct.lsu.edu/CCT-TR/CCT-TR-2008-5},
  receiveddate = {2008-06-13},
}

@TechReport{ES-Allen2008a,
  status =       {report},
  author =       {{CIGR Collaboration}},
  title =        {Community Infrastructure for General Relativistic
                  {MHD}},
  institution =  {Louisiana State University},
  number =       {CCT-TR-2008-6},
  year =         2008,
  url =          {http://www.cct.lsu.edu/CCT-TR/CCT-TR-2008-6},
  receiveddate = {2008-12-00},
}

@TechReport{ES-Schnetter2009a,
  status =       {report},
  author =       {Erik Schnetter and Steven R. Brandt},
  title =        {Relativistic Astrophysics on the {SiCortex}
                  Architecture},
  institution =  {Louisiana State University},
  number =       {CCT-TR-2009-4},
  year =         2009,
  url =          {http://www.cct.lsu.edu/CCT-TR/CCT-TR-2009-4},
  receiveddate = {2009-03-18},
}

@TechReport{ES-Allen2009a,
  status =       {report},
  author =       {Gabrielle Allen and Erik Schnetter},
  title =        {The {Cactus} framework: Software sustainability
                  position paper},
  institution =  {Louisiana State University},
  number =       {CCT-TR-2009-5},
  year =         2009,
  url =          {http://www.cct.lsu.edu/CCT-TR/CCT-TR-2009-5},
  receiveddate = {2009-03-25},
}

@TechReport{ES-Hutanu2009a,
  status =       {report},
  author =       {Andrei Hutanu and Erik Schnetter and Werner Benger
                  and Eloisa Bentivegna and Alex Clary and Peter
                  Diener and Jinghua Ge and Robert Kooima and Oleg
                  Korobkin and Kexi Liu and Frank L{\"o}ffler and Ravi
                  Paruchuri and Jian Tao and Cornelius Toole and Adam
                  Yates and Gabrielle Allen},
  title =        {Large-scale Problem Solving Using Automatic Code
                  Generation and Distributed Visualization},
  institution =  {Louisiana State University},
  number =       {CCT-TR-2009-11},
  year =         2009,
  url =          {http://www.cct.lsu.edu/CCT-TR/CCT-TR-2009-11},
  receiveddate = {2009-08-12},
}



********************************************************************************
INVITED:
********************************************************************************

@Unpublished{ES-Schnetter2006d,
  status =       {invited},
  author =       {Erik Schnetter},
  title =        {Modelling Black Holes and Other Exotic Objects},
  note =         {Invited talk given over the phone to HPC EXPO Online
                  Conference \& Exhibition},
  month =        {September},
  year =         2006,
  url =          {http://advantagebusinessmedia.com/ims/hpc/},
  pdf =          {doc/HPCExpo-2006.pdf},
  receiveddate = {2006-09-00},
}

@Unpublished{ES-Schnetter2006e,
  status =       {invited},
  author =       {Erik Schnetter},
  title =        {The {Cactus} Framework},
  note =         {Invited talk given to MODEST collaboration in
                  Pittsburgh, PA},
  month =        {September},
  year =         2006,
  url =          {http://www.manybody.org/modest/},
  pdf =          {doc/Pittsburgh-2006-MODEST-Cactus.pdf},
  receiveddate = {2006-09-00},
}

@Unpublished{ES-Schnetter2007g,
  status =       {invited},
  author =       {Erik Schnetter},
  title =        {Singularity replacement for black hole evolutions},
  note =         {Invited talk given at the Instituto de F{\'\i}sica y
                  Matem{\'a}ticas of the Universidad Michoacana de San
                  Nicol{\'a}s de Hidalgo in Morelia, Mexico},
  month =        {June},
  year =         2007,
  pdf =          {doc/Morelia-2007-SingularityReplacement.pdf},
  url =          {http://www.ifm.umich.mx/},
  receiveddate = {2007-06-00},
}

@Unpublished{ES-Schnetter2007i,
  status =       {invited},
  author =       {Erik Schnetter},
  title =        {Introduction to Numerical Relativity},
  note =         {Lectures given at KISTI Numerical Relativity summer
                  school in Pohang, South Korea: Part I: The Einstein
                  Equations (Formulations and Gauge Conditions)},
  month =        {July},
  year =         2007,
  pdf =          {doc/Pohang-2007-KISTI-Lecture-I.pdf},
  url =          {http://www.ksc.re.kr/eng/},
  receiveddate = {2007-07-00},
}

@Unpublished{ES-Schnetter2007i2,
  status =       {invited},
  author =       {Erik Schnetter},
  title =        {Introduction to Numerical Relativity},
  note =         {Lectures given at KISTI Numerical Relativity summer
                  school in Pohang, South Korea: Part II: Analysis
                  Methods (Horizons and Gravitational Waves)},
  month =        {July},
  year =         2007,
  pdf =          {doc/Pohang-2007-KISTI-Lecture-II.pdf},
  url =          {http://www.ksc.re.kr/eng/},
  receiveddate = {2007-07-00},
}

@Unpublished{ES-Schnetter2007i3,
  status =       {invited},
  author =       {Erik Schnetter},
  title =        {Introduction to Numerical Relativity},
  note =         {Lectures given at KISTI Numerical Relativity summer
                  school in Pohang, South Korea: Part III: Numerical
                  methods (Cactus and Mesh Refinement)},
  month =        {July},
  year =         2007,
  pdf =          {doc/Pohang-2007-KISTI-Lecture-III.pdf},
  url =          {http://www.ksc.re.kr/eng/},
  receiveddate = {2007-07-00},
}

@Unpublished{ES-Schnetter2008b,
  status =       {invited},
  author =       {Erik Schnetter},
  title =        {Cactus Concepts for Distributed {HPC} Applications},
  note =         {Invited talk given at the Distributed Programming
                  Abstractions Workshop of the 15th Mardi Gras
                  Conference in Baton Rouge, LA},
  month =        {January},
  year =         2008,
  pdf =          {doc/BatonRouge-2008-MardiGras-CactusDistributed.pdf},
  url =          {http://www.mardigrasconference.org/},
  receiveddate = {2008-01-00},
}



********************************************************************************
CONTRIBUTED:
********************************************************************************

@Unpublished{ES-Schnetter2005b,
  status =       {contributed},
  author =       {Erik Schnetter},
  title =        {Formaline},
  note =         {Talk given to Numerical Relativity group at AEI in
                  Potsdam, Germany},
  month =        {October},
  year =         2005,
  pdf =          {doc/Potsdam-2005-Formaline.pdf},
  receiveddate = {2005-10-00},
}

@Unpublished{ES-Schnetter2006h,
  status =       {contributed},
  author =       {Erik Schnetter},
  title =        {gnuplot},
  note =         {Tutorial given to LSU HPC users in Baton Rouge, LA},
  month =        {February},
  year =         2006,
  pdf =          {doc/BatonRouge-2006-gnuplot.pdf},
  url =          {http://www.hpc.lsu.edu/},
  receiveddate = {2006-02-00},
}

@Unpublished{ES-Schnetter2006f,
  status =       {contributed},
  author =       {Erik Schnetter},
  title =        {Instant Excision},
  note =         {Talk given at NFNR conference in Potsdam, Germany},
  month =        {July},
  year =         2006,
  pdf =          {doc/Postdam-2006-NFNR-InstantExcision.pdf},
  receiveddate = {2006-07-00},
}

@Unpublished{ES-Schnetter2006g,
  status =       {contributed},
  author =       {Erik Schnetter},
  title =        {The {Cactus} Framework},
  note =         {Talk given at LSU booth at Supercomputing Conference
                  in Tampa, FL},
  month =        {November},
  year =         2006,
  pdf =          {doc/Tampa-2006-Supercomputing-Cactus.pdf},
  url =          {http://sc06.supercomputing.org/},
  receiveddate = {2006-11-00},
}

@Unpublished{ES-Schnetter2006c,
  status =       {contributed},
  author =       {Erik Schnetter},
  title =        {Obstacles in Numerical Calculations},
  note =         {Talk given at the workshop ``From geometry to
                  numerics'' in Paris, France},
  month =        {November},
  year =         2006,
  pdf =          {doc/Paris-2006-Geometry-Obstacles.pdf},
  url =          {http://luth2.obspm.fr/IHP06/workshops/geomnum/},
  receiveddate = {2006-11-00},
}

@Unpublished{ES-Schnetter2007k,
  status =       {contributed},
  author =       {Erik Schnetter},
  title =        {{Cactus}/{Carpet}/{CCATIE} Performance Improvements},
  note =         {Talk given to Numerical Relativity group at AEI in
                  Potsdam, Germany},
  month =        {March},
  year =         2007,
  url =          {http://numrel.aei.mpg.de/},
  receiveddate = {2007-03-00},
}

@Unpublished{ES-Schnetter2007c,
  status =       {contributed},
  author =       {Erik Schnetter},
  title =        {Multi-block systems in numerical relativity},
  note =         {Talk given at APS April meeting in Jacksonville, FL},
  month =        {April},
  year =         2007,
  pdf =          {doc/Jacksonville-2007-APS-MultiPatch.pdf},
  url =          {http://meetings.aps.org/Meeting/APR07/},
  receiveddate = {2007-04-00},
}

@Unpublished{ES-Schnetter2007f,
  status =       {contributed},
  author =       {Erik Schnetter},
  title =        {Singularity replacement for black hole evolutions},
  note =         {Talk given at East Coast Gravity Meeting in Ithaca,
                  NY},
  month =        {May},
  year =         2007,
  pdf =          {doc/Ithaca-2007-EGM-Turduckening.pdf},
  receiveddate = {2007-05-00},
}

@Unpublished{ES-Schnetter2007h,
  status =       {contributed},
  author =       {Erik Schnetter},
  title =        {An Extensible Timing Infrastructure for Adaptive
                  Large-scale Applications},
  note =         {Talk given at PPAM conference in Gda{\'n}sk, Poland},
  month =        {September},
  year =         2007,
  pdf =          {doc/Gdansk-2007-PPAM-TimingInfrastructure.pdf},
  url =          {http://www.ppam.pl/},
  receiveddate = {2007-09-00},
}

@Unpublished{ES-Schnetter2007d,
  status =       {contributed},
  author =       {Erik Schnetter},
  title =        {The {BBH} Factory: {Herding} Simulations},
  note =         {Talk given to LSU relativity group in Baton Rouge,
                  LA},
  month =        {October},
  year =         2007,
  pdf =          {doc/BatonRouge-2007-BBHFactory.pdf},
  url =          {http://relativity.phys.lsu.edu/},
  receiveddate = {2007-10-00},
}

@Unpublished{ES-Schnetter2007e,
  status =       {contributed},
  author =       {Erik Schnetter},
  title =        {Modern {Carpet}},
  note =         {Talk given to LSU relativity group in Baton Rouge,
                  LA},
  month =        {October},
  year =         2007,
  url =          {http://relativity.phys.lsu.edu/},
  receiveddate = {2007-10-00},
}

@Unpublished{ES-Schnetter2007j,
  status =       {contributed},
  author =       {Erik Schnetter},
  title =        {{Cactus} Tools for Petascale Computing},
  note =         {Talk given at LSU booth at Supercomputing Conference
                  in Reno, NV},
  month =        {November},
  year =         2007,
  pdf =          {doc/Reno-2007-Supercomputing-CactusPetascale.pdf},
  url =          {http://sc07.supercomputing.org/},
  receiveddate = {2007-11-00},
}

@Unpublished{ES-Schnetter2008a,
  status =       {invited},
  author =       {Erik Schnetter},
  title =        {The Final Spin of Black Hole Binaries},
  note =         {Talk given at the Center for Computational
                  Relativity and Gravitation in Rochester, NY},
  month =        {January},
  year =         2008,
  pdf =          {doc/Rochester-2008-FinalSpin.pdf},
  url =          {http://ccrg.rit.edu/},
  receiveddate = {2008-01-00},
}

@Unpublished{ES-Schnetter2008d,
  status =       {invited},
  author =       {Erik Schnetter},
  title =        {Modelling Black Hole Binary Mergers},
  note =         {Talk given at the Department of Physics and
                  Astronomy in Oxford, MS},
  month =        {February},
  year =         2008,
  pdf =          {doc/Oxford-2008-ModellingBlackHoles.pdf},
  url =          {http://www.olemiss.edu/depts/physics_and_astronomy/},
  receiveddate = {2008-02-00},
}

@Unpublished{ES-Schnetter2008c,
  status =       {contributed},
  author =       {Erik Schnetter},
  title =        {A Case Study for Petascale Applications in
                  Astrophysics: Simulating Gamma-Ray Bursts},
  note =         {Talk given at the 15th Mardi Gras Conference in
                  Baton Rouge, LA},
  month =        {February},
  year =         2008,
  pdf =          {doc/BatonRouge-2008-MardiGras-GammaRayBursts.pdf},
  url =          {http://www.mardigrasconference.org/},
  receiveddate = {2008-02-00},
}

@Unpublished{ES-Schnetter2008o,
  status =       {contributed},
  author =       {Erik Schnetter},
  title =        {{Alpaca}},
  note =         {Talk given at LSU},
  month =        {February},
  year =         2008,
  pdf =          {doc/BatonRouge-2008-Alpaca.pdf},
  receiveddate = {2008-02-21}
}

@Unpublished{ES-Schnetter2008e,
  status =       {contributed},
  author =       {Erik Schnetter},
  title =        {Cactus: A Software Framework for High Performance
                  Computing},
  note =         {Tutorial given at LSU High Performance Computing
                  Workshop in Baton Rouge, LA},
  month =        {March},
  year =         2008,
  pdf =          {doc/BatonRouge-2008-Cactus.pdf},
  url =          {http://www.hpc.lsu.edu/training/20080311/},
  receiveddate = {2008-03-00},
}

@Unpublished{ES-Schnetter2008p,
  status =       {contributed},
  author =       {Erik Schnetter and Ian Hinder},
  title =        {{Kranc}: Automatic Code Generation for the {Cactus}
                  Framework},
  note =         {Talk given at the Workshop on Automating the
                  Development of Scientific Computing Software},
  month =        {March},
  year =         2008,
  pdf =          {doc/BatonRouge-2008-WADSC-Kranc.pdf},
  receiveddate = {2008-03-06},
}

@Unpublished{ES-Schnetter2008h,
  status =       {contributed},
  author =       {Peter Diener and Nils Dorband and Denis Pollney and
                  Christian. Reisswig and Luciano Rezzolla and
                  Jenniver Seiler and B{\'e}la Szil{\'a}gyi},
  title =        {The Final Spin of Black Hole Binaries},
  note =         {Talk given at APS April meeting in St.\ Louis, MO},
  month =        {April},
  year =         2008,
  receiveddate = {2008-04-13},
}
@Comment add pdf

@Unpublished{ES-Schnetter2008q,
  status =       {invited},
  author =       {Erik Schnetter},
  title =        {Modelling black hole binary mergers},
  note =         {Talk given at Department of Physics \& Astronomy,
                  LSU, Baton Rouge, LA},
  month =        {April},
  year =         2008,
  receiveddate = {2008-04-22},
}
@Comment add pdf

@Unpublished{ES-Schnetter2008g,
  status =       {contributed},
  author =       {Erik Schnetter},
  title =        {Multi-Physics Coupling of {Einstein} and
                  Hydrodynamics Evolution: A Case Study of the
                  {Einstein} {Toolkit}},
  note =         {CBHPC 2008 (Component-Based High Performance
                  Computing)},
  year =         2008,
  receiveddate = {2008-05-26},
}
@Comment add pdf

@Unpublished{ES-Schnetter2008i,
  status =       {invited},
  author =       {Erik Schnetter},
  title =        {Black Box Black Hole Binaries and Multi-Patch
                  {GRMHD}},
  note =         {Talk given at Caltech in Pasadena, CA},
  month =        {August},
  year =         2008,
  receiveddate = {2008-08-00},
}
@Comment add pdf

@Unpublished{ES-Schnetter2008j,
  status =       {contributed},
  author =       {Erik Schnetter and Mayank Tyagi},
  title =        {Application Toolkits: Multi-Patch Systems},
  note =         {Talk given at CyberTools All-Hands Meeting in Baton
                  Rouge, LA},
  month =        {August},
  year =         2008,
  receiveddate = {2008-08-21},
}
@Comment add pdf
                  
@Unpublished{ES-Schnetter2008k,
  status =       {invited},
  author =       {Erik Schnetter},
  title =        {From Black Holes To Gamma-Ray Bursts: Issues in
                  Computational Relativistic Astrophysics},
  note =         {Talk given in School of Physics at Georgia Tech in
                  Atlanta, GA},
  month =        {November},
  year =         2008,
  receiveddate = {2008-11-06},
}
@Comment add pdf

@Unpublished{ES-Schnetter2008l,
  status =       {contributed},
  author =       {Steven Brandt and Erik Schnetter},
  title =        {From Black Holes To Gamma-Ray Bursts: {Cactus} on
                  {SiCortex}},
  note =         {Talk given at SiCortex and LSU booths at
                  Supercomputing Conference in Austin, TX},
  month =        {November},
  year =         2008,
  receiveddate = {2008-11-18},
}
@Comment add pdf

@Unpublished{ES-Schnetter2008m,
  status =       {contributed},
  author =       {Erik Schnetter},
  title =        {{XiRel}: Cyberinfrastructure for Numerical
                  Relativity},
  note =         {Talk given at GA Tech booth at Supercomputing
                  Conference in Austin, TX},
  month =        {November},
  year =         2008,
  receiveddate = {2008-11-18},
}
@Comment add pdf

@Unpublished{ES-Schnetter2009c,
  status =       {invited},
  author =       {Erik Schnetter},
  title =        {Between Application and System: Resilience
                  Mechanisms for the {Cactus} Software Framework},
  note =         {Talk given at Blue Waters/TeraGrid Fault Tolerance
                  Workshop ``Fault Tolerance for Extreme-Scale
                  Computing'' in Albuquerque, NM},
  month =        {March},
  year =         2009,
  receiveddate = {2009-03-20},
}
@Comment add pdf

@Unpublished{ES-Schnetter2009g,
  status =       {contributed},
  author =       {Erik Schnetter},
  title =        {A Community Infrastructure for General Relativistic
                  {MHD} ({CIGR})},
  note =         {Talk given at the 5th Gulf Coast Gravity Meeting in
                  Baton Rouge, LA},
  month =        {April},
  year =         2009,
  url =          {https://www.cct.lsu.edu/GCGM2009},
  receiveddate = {2009-04-18},
}
@Comment add pdf

@Unpublished{ES-Schnetter2009f,
  status =       {contributed},
  author =       {Erik Schnetter},
  title =        {Cactus Framework},
  note =         {Talk given at CyberTools All-Hands Meeting in Baton
                  Rouge, LA},
  month =        {May},
  year =         2009,
  receiveddate = {2009-05-11},
}
@Comment add pdf

@Unpublished{ES-Allen2009b,
  status =       {contributed},
  author =       {Gabrielle Allen and Werner Benger and Eloisa
                  Bentivegna and Alex Clary and Peter Diener and
                  Jinghua Ge and Robert Kooima and Oleg Korobkin and
                  Andrei Hutanu and Frank L{\"o}ffler and Kexi Liu and
                  Cornelius Toole and Ravi Paruchuri and Erik
                  Schnetter and Jian Tao},
  title =        {Large Scale Problem Solving Using Automated Code
                  Generation and Distributed Visualisation},
  note =         {Presentation given at Scale 2009 competition in
                  Shanghai, China},
  month =        {May},
  year =         2009,
  receiveddate = {2009-05-20},
}
@Comment add pdf
@Comment point to movie

@Unpublished{ES-Bentivegna2009a,
  status =       {contributed},
  author =       {Eloisa Bentivegna and Erik Schnetter},
  title =        {Introduction to the {Cactus} Framework},
  note =         {Tutorial given at the International Conference on
                  Computational Science (ICCS) 2009 in Baton Rouge,
                  LA},
  month =        {May},
  year =         2009,
  receiveddate = {2009-05-24},
}
@Comment add pdf?
@Comment point to tutorial

@Unpublished{ES-Schnetter2009h,
  status =       {contributed},
  author =       {Erik Schnetter},
  title =        {{Carpet}: Status and Future Plans},
  note =         {Talk given at XiRel Workshop in Baton Rouge, LA},
  month =        {May},
  year =         2009,
  receiveddate = {2009-05-28},
}
@Comment add pdf

@Unpublished{ES-Schnetter2009e,
  status =       {invited},
  author =       {Erik Schnetter and Steve Brandt},
  title =        {From Black Holes to {Gamma-Ray} {Bursts}},
  note =         {Webinar organised by SiCortex company},
  month =        {March},
  year =         2009,
  receiveddate = {2009-05-31},
}
@Comment add pdf?
@Comment point to SiCortex wikipedia entry?

@Unpublished{ES-Schnetter2009d,
  status =       {contributed},
  author =       {Erik Schnetter},
  title =        {Numerical Relativity},
  note =         {Talk given at the {Beowulf} {Bootcamp} at LSU in
                  Baton Rouge, LA},
  month =        {June},
  year =         2009,
  receiveddate = {2009-06-16},
}
@Comment add pdf?
@Comment point to bootcamp

@Unpublished{ES-Korobkin2009a,
  status =       {contributed},
  author =       {Oleg Korobkin and Frank L{\"o}ffler and Erik
                  Schnetter},
  title =        {Introduction to the {Cactus} Framework},
  note =         {Tutorial given at TeraGrid 2009 conference in
                  Arlington, VA},
  month =        {June},
  year =         2009,
  receiveddate = {2009-06-22},
}
@Comment add pdf?
@Comment point to tutorial

@Unpublished{ES-Korobkin2009b,
  status =       {contributed},
  author =       {Oleg Korobkin and Erik Schnetter},
  title =        {Introduction to the {Cactus} Framework},
  note =         {Tutorial given to high school students at TeraGrid
                  2009 conference in Arlington, VA},
  month =        {June},
  year =         2009,
  receiveddate = {2009-06-22},
}
@Comment add pdf?
@Comment point to tutorial



********************************************************************************
WEBPAGE:
********************************************************************************

@Misc{ES-alpacaweb,
  status =       {webpage},
  key =          {Alpaca},
  note =         {{Alpaca}: {Cactus} tools for Application-Level
                  Profiling and Correctness Analysis},
  url =          {http://www.cct.lsu.edu/~eschnett/Alpaca/}
}

@Misc{ES-bluewatersweb,
  status =       {webpage},
  key =          {BlueWaters},
  note =         {{Blue Waters} Petascale Computing System},
  url =          {http://www.ncsa.uiuc.edu/BlueWaters/}
}

@Misc{ES-cactusweb,
  status =       {webpage},
  key =          {Cactus},
  note =         {{Cactus} Computational Toolkit},
  url =          {http://www.cactuscode.org/},
}

@Misc{ES-carpetweb,
  status =       {webpage},
  key =          {Carpet},
  note =         {Mesh Refinement with {Carpet}},
  url =          {http://www.carpetcode.org/},
}

@Misc{ES-cybertoolsweb,
  status =       {webpage},
  key =          {CyberTools},
  note =         {{CyberTools}: {Louisiana's} Research Infrastructure
                  Improvement Strategy},
  url =          {http://cybertools.loni.org/},
}

@Misc{ES-grwikiweb,
  status =       {webpage},
  key =          {GRwiki},
  note =         {{GRwiki}: a repository of basic definitions and
                  formulas for gravitational physics},
  url =          {http://grwiki.physics.ncsu.edu/wiki/},
}

@Misc{ES-krancweb,
  status =       {webpage},
  key =          {Kranc},
  note =         {{Kranc}: Automated Code Generation},
  url =          {http://www.cct.lsu.edu/~eschnett/Kranc/}
}

@Misc{ES-mclachlanweb,
  status =       {webpage},
  key =          {McLachlan},
  note =         {{McLachlan}, a Public {BSSN} Code},
  url =          {http://www.cct.lsu.edu/~eschnett/McLachlan/}
}

@Misc{ES-simfactoryweb,
  status =       {webpage},
  key =          {SimFactory},
  note =         {{SimFactory}: Herding Numerical Simulations},
  url =          {http://www.cct.lsu.edu/~eschnett/SimFactory/}
}

@Misc{ES-whiskyweb,
  status =       {webpage},
  key =          {Whisky},
  note =         {{Whisky} --- the {EU} Network {GR} Hydrodynamics
                  code},
  url =          {http://www.whiskycode.org/},
}

@Misc{ES-xirelweb,
  status =       {webpage},
  key =          {XiRel},
  note =         {{XiRel}: Cyberinfrastructure for Numerical Relativity},
  url =          {http://www.cct.lsu.edu/xirel/},
}



********************************************************************************
