@Misc{Canuda_2020_3565475,
  author       = {Witek, Helvi and
                  Zilhao, Miguel and
                  Ficarra, Giuseppe and
                  Elley, Matthew},
  title        = {{Canuda: a public numerical relativity library to
                   probe fundamental physics}},
  month        = may,
  year         = 2020,
  publisher    = {Zenodo},
  doi          = {10.5281/zenodo.3565475},
  url          = {https://doi.org/10.5281/zenodo.3565475}
}

@article{Zilhao:2015tya,
    author = "Zilhao, Miguel and Witek, Helvi and Cardoso, Vitor",
    title = "{Nonlinear interactions between black holes and Proca fields}",
    eprint = "1505.00797",
    archivePrefix = "arXiv",
    primaryClass = "gr-qc",
    doi = "10.1088/0264-9381/32/23/234003",
    journal = "Class. Quant. Grav.",
    volume = "32",
    pages = "234003",
    year = "2015"
}
