@string{aap    =  {Astron. Astrophys.}}                  %{Astronomy and Astrophysics}
@string{cqg    =  {Class. Quantum Grav.}}                %{Classical and Quantum Gravity}
@string{jcp    =  {J. Comp. Phys.}}                      %{Journal of Computational Physics}
@string{mnras  =  {Mon. Not. R. Astron. Soc.}}           %{Monthly Notices of the Royal Astronomical Society}
@string{pr     =  {Phys. Rev.}}                          %{Physical Review}
@string{prd    =  {Phys. Rev. D}}                        %{Physical Review D}


@article{Komissarov:2002,
   author = {{Komissarov}, S.~S.},
    title = "{Time-dependent, force-free, degenerate electrodynamics}",
  journal = mnras,
     year = 2002,
   volume = {336(3)},
    pages = 759,
   eprint = {{arXiv:astro-ph/0202447}}
}

@article{Paschalidis:2013,
   author = {{Paschalidis}, V. and {Shapiro}, S.~L.},
    title = "{A new scheme for matching general relativistic ideal magnetohydrodynamics to its force-free limit}",
  journal = prd,
     year = 2013,
   volume = 88,
    pages = 104031,
   eprint = {arxiv:1310.3274 {[astro-ph.HE]}}
}

@article{Palenzuela:2010,
   author = {{Palenzuela}, C. and {Garrett}, T. and {Lehner}, L. and {Liebling}, S.~L.},
    title = "{Magnetospheres of black hole systems in force-free plasma}",
  journal = prd, 
     year = 2010,
   volume = 82,
    pages = {044045},
   eprint = {arxiv:1007.1198 {[gr-qc]}}
}

@article{Parfrey:2012a,
   author = {{Parfrey}, K. and {Beloborodov}, A.~M. and {Hui}, L.},
    title = "{Introducing PHAEDRA: a new spectral code for simulations of relativistic magnetospheres}",
  journal = mnras,
     year = 2012,
   volume = {423(2)},
    pages = 1416,
   eprint = {arXiv:1110.6669v2 {[astro-ph.HE]}}
}

@article{McKinney:2006,
   author = {{McKinney}, J.~C.},
    title = "{General relativistic force-free electrodynamics: A new code and applications to black hole magnetospheres}",
  journal = mnras,
     year = 2006,
   volume = 367,
    pages = 1797,
   eprint = {{arXiv:astro-ph/0601410v1}}
}

@MISC{Carpet,
  key =          {Carpet},
  title =        {{Carpet: Adaptive Mesh Refinement for the Cactus Framework. Astrophys. Source Code Lib., November 2016, http://ascl.net/1611.016}}
}

@MISC{EinsteinToolkit,
  key =          {EinsteinToolkit},
  title =        {Einstein {T}oolkit for {R}elativistic {A}strophysics. {A}strophys. {S}ource {C}ode {L}ib., {F}ebruary 2011, http://ascl.net/1102.014}
}

@article{Etienne:2015cea,
   author = {{Etienne}, Z.~B. and {Paschalidis}, V. and {Haas}, R. and {M{\"o}sta}, P. and {Shapiro}, S.~L.},
    title = "{IllinoisGRMHD: an open-source, user-friendly GRMHD code for dynamical spacetimes}",
  journal = cqg, 
   eprint = {arXiv:1501.07276 {[astro-ph.HE]}},
     year = 2015,
    month = sep,
   volume = 32,
   number = 17,
      eid = {175009},
    pages = {175009},
      doi = {10.1088/0264-9381/32/17/175009},
   adsurl = {http://adsabs.harvard.edu/abs/2015CQGra..32q5009E},
  adsnote = {Provided by the SAO/NASA Astrophysics Data System}
}

@article{Balsara:1999,
   author = {{Balsara}, D. and {Spicer}, D.~S.},
   title = "{A staggered mesh algorithm using high order godunov fluxes to ensure solenoidal magnetic fields in magnetohydrodynamic simulations}",
  journal = jcp,
  year = 1999,
  volume = {149(2)},
  pages = {270292},
}

@ARTICLE{Toth:2000,
   author = {{T{\'o}th}, G.},
    title = "{The ${\nabla} \cdot B=0$ Constraint in Shock-Capturing Magnetohydrodynamics Codes}",
  journal = {J. Comp. Phys.},
     year = 2000,
    month = jul,
   volume = 161,
    pages = {605-652},
      doi = {10.1006/jcph.2000.6519},
   adsurl = {http://adsabs.harvard.edu/abs/2000JCoPh.161..605T},
  adsnote = {Provided by the SAO/NASA Astrophysics Data System}
}

@article{Etienne:2011re,
  author = {Z. B. Etienne and V. and Y. T. Liu and S. L. Shapiro},
  title = "{Relativistic magnetohydrodynamics in dynamical spacetimes: Improved electromagnetic gauge condition for adaptive mesh refinement grids}",
  journal = prd,
  year = 2012,
  volume = 85,
  pages = {024013},
  eprint = {arXiv:1110.4633 {[astro-ph.HE]}}
}

@article{Farris:2012ux,
      author         = "Farris, B. D. and Gold, R. and Paschalidis,
                        V. and Etienne, Z. B. and Shapiro, S.
                        L.",
      title          = "{Binary black hole mergers in magnetized disks:
                        simulations in full general relativity}",
      journal        = "Phys. Rev. Lett.",
      volume         = "109",
      year           = "2012",
      pages          = "221102",
      doi            = "10.1103/PhysRevLett.109.221102",
      eprint         = "1207.3354",
      archivePrefix  = "arXiv",
      primaryClass   = "astro-ph.HE",
      SLACcitation   = "%%CITATION = ARXIV:1207.3354;%%"
}


@ARTICLE{Arnowitt:1959,
   author = {{Arnowitt}, R. and {Deser}, S. and {Misner}, C.~W.},
    title = "{Dynamical Structure and Definition of Energy in General Relativity}",
  journal = pr,
     year = 1959,
    month = dec,
   volume = 116,
    pages = {1322-1330},
      doi = {10.1103/PhysRev.116.1322},
   adsurl = {http://adsabs.harvard.edu/abs/1959PhRv..116.1322A},
  adsnote = {Provided by the SAO/NASA Astrophysics Data System}
}

@ARTICLE{Colella:1984,
   author = {{Colella}, P. and {Woodward}, P.~R.},
    title = "{The Piecewise Parabolic Method (PPM) for Gas-Dynamical Simulations}",
  journal = jcp,
     year = 1984,
    month = sep,
   volume = 54,
    pages = {174-201},
      doi = {10.1016/0021-9991(84)90143-8},
   adsurl = {http://adsabs.harvard.edu/abs/1984JCoPh..54..174C},
  adsnote = {Provided by the SAO/NASA Astrophysics Data System}
}

@ARTICLE{Harten:1983,
   author = {{Harten}, A. and {Lax}, P.~D. and {van Leer}, B.~J.},
   title = "{On Upstream Differencing and Godunov-Type Schemes for Hyperbolic Conservation Laws}",
   journal = {SIAM Rev.},
   year = 1983, 
   volume = 25,
   pages = {35-61}
}

@ARTICLE{DelZanna:2003,
   author = {{Del Zanna}, L. and {Bucciantini}, N. and {Londrillo}, P.},
    title = "{An efficient shock-capturing central-type scheme for multidimensional relativistic flows. II. Magnetohydrodynamics}",
  journal = aap,
 keywords = {magnetohydrodynamics (MHD), relativity, shock waves, methods: numerical},
     year = 2003,
    month = mar,
   volume = 400,
    pages = {397-413},
      doi = {10.1051/0004-6361:20021641},
   adsurl = {http://adsabs.harvard.edu/abs/2003A%26A...400..397D},
  adsnote = {Provided by the SAO/NASA Astrophysics Data System}
}

@ARTICLE{StonePringle2001MNRAS.322..461S,
   author = {{Stone}, J.~M. and {Pringle}, J.~E.},
    title = "{Magnetohydrodynamical non-radiative accretion flows in two dimensions}",
  journal = mnras,
   eprint = {astro-ph/0009233},
 keywords = {ACCRETION, ACCRETION DISCS, BLACK HOLE PHYSICS, MHD},
     year = 2001,
    month = apr,
   volume = 322,
    pages = {461-472},
      doi = {10.1046/j.1365-8711.2001.04138.x},
   adsurl = {http://adsabs.harvard.edu/abs/2001MNRAS.322..461S},
  adsnote = {Provided by the SAO/NASA Astrophysics Data System}
}
